% bei mehreren Autoren muss mit "AND" getrennt werden.

@book{einbuch,
	Author = "{Merkel, A.} AND {Kohl, H.}",
	Publisher = {Springer Berlin},
	Title = "Die Spendenaff√§re der CDU",
	Year = {2000}}